<?xml version="1.0" encoding="UTF-8"?><record xmlns="http://www.loc.gov/MARC21/slim" xmlns:cinclude="http://apache.org/cocoon/include/1.0" xmlns:zs="http://www.loc.gov/zing/srw/">
  <leader>00469cz  a2200133n  4500</leader>
  <controlfield tag="001">n  96004540 </controlfield>
  <controlfield tag="003">DLC</controlfield>
  <controlfield tag="005">20140930114035.0</controlfield>
  <controlfield tag="008">960122n| azannaabn          |a ana     c</controlfield>
  <datafield tag="010" ind1=" " ind2=" ">
    <subfield code="a">n  96004540 </subfield>
  </datafield>
  <datafield tag="035" ind1=" " ind2=" ">
    <subfield code="a">(OCoLC)oca03992054</subfield>
  </datafield>
  <datafield tag="040" ind1=" " ind2=" ">
    <subfield code="a">CU</subfield>
    <subfield code="b">eng</subfield>
    <subfield code="e">rda</subfield>
    <subfield code="c">CU</subfield>
    <subfield code="d">CSt</subfield>
    <subfield code="d">DLC</subfield>
  </datafield>
  <datafield tag="111" ind1="2" ind2=" ">
    <subfield code="a">Internationales Symposion zur Reiseliteratur</subfield>
    <subfield code="d">(1994 :</subfield>
    <subfield code="c">Dublin, Ireland)</subfield>
  </datafield>
  <datafield tag="670" ind1=" " ind2=" ">
    <subfield code="a">Reisen im Diskurs, 1995:</subfield>
    <subfield code="b">t.p. (... Internationalen Symposions zur Reiseliteratur; Dublin, Mar. 10-12, 1994)</subfield>
  </datafield>
</record>